%% LaTeX2e file `test-bib1.bib'
%% generated by the `filecontents' environment
%% from source `test' on 2015/07/10.
%%
@BOOK{hectic2000,
  AUTHOR= {Henry Hectic},
  TITLE = {How Horticulturalists Howl},
  PUBLISHER = {Honorary Books: Henage},
  YEAR  = {2000},
}
@BOOK{hectic2001,
  AUTHOR= {Henry Hectic},
  TITLE = {How Horticulturalists Howl},
  PUBLISHER = {Honorary Books 2: Henage},
  YEAR  = {2001},
}
@ARTICLE{Doe2009,
author = {Jon Doe},
journal = {Transactions on Stuff},
month = 03,
number = {3},
pages = {1--11},
title = {{Example 1}},
volume = {5},
year = {2009},
}
